timestamp,symbol,price,quantity,buyer,seller,Dist from VWAP
159200,RAINFOREST_RESIN,9995,9,,,5.032786885245514
138300,RAINFOREST_RESIN,9995,7,,,5
102200,RAINFOREST_RESIN,10005,2,,,5
4300,RAINFOREST_RESIN,9995,2,,,4.960784313725526
3800,RAINFOREST_RESIN,9996,1,,,4.33333333333394
138100,RAINFOREST_RESIN,9996,7,,,4
3200,RAINFOREST_RESIN,9996,1,,,4
3100,RAINFOREST_RESIN,9996,2,,,4
134700,RAINFOREST_RESIN,10004,1,,,3.8260869565219764
57900,RAINFOREST_RESIN,10000,2,,,3.5277777777773736
57900,KELP,2021,2,,,3.4500000000000455
20700,RAINFOREST_RESIN,10000,5,,,3.151515151515923
58000,KELP,2021,12,,,2.1666666666667425
13300,KELP,2026,2,,,2.111111111111086
187700,KELP,2024,15,,,2.088235294117567
159300,KELP,2014,1,,,2.0487804878048337
37800,KELP,2020,1,,,2.040816326530603
52700,KELP,2019,1,,,2.0377358490566166
155100,KELP,2015,1,,,2.0363636363636033
190600,KELP,2020,1,,,2.0338983050846764
176000,KELP,2017,1,,,2.0338983050846764
95600,KELP,2018,1,,,2.0338983050846764
197300,KELP,2024,1,,,2.019999999999982
97900,KELP,2018,1,,,2.019607843137237
89600,KELP,2018,13,,,2.0178571428571104
28200,KELP,2027,11,,,2.017543859649095
139000,KELP,2013,1,,,2.0163934426229844
32400,KELP,2023,1,,,2.0163934426229844
185200,KELP,2024,10,,,2
180500,RAINFOREST_RESIN,10002,3,,,2
166400,RAINFOREST_RESIN,9998,1,,,2
154700,KELP,2019,11,,,2
153600,KELP,2017,14,,,2
153300,KELP,2017,14,,,2
147200,KELP,2016,14,,,2
127400,KELP,2018,2,,,2
123500,KELP,2013,15,,,2
99800,KELP,2022,4,,,2
96300,KELP,2016,1,,,2
70100,KELP,2015,1,,,2
53900,KELP,2023,2,,,2
33000,RAINFOREST_RESIN,10002,6,,,2
23300,RAINFOREST_RESIN,9998,1,,,2
20500,RAINFOREST_RESIN,9998,1,,,2
4800,KELP,2027,2,,,2
1700,KELP,2028,9,,,2
149700,KELP,2016,5,,,1.982758620689765
20100,RAINFOREST_RESIN,10002,4,,,1.9682539682544302
47500,RAINFOREST_RESIN,10002,4,,,1.967213114754486
188500,RAINFOREST_RESIN,10002,1,,,1.9661016949157784
92700,RAINFOREST_RESIN,10002,2,,,1.9661016949157784
22400,RAINFOREST_RESIN,9998,0,,,1.9661016949157784
90100,RAINFOREST_RESIN,10002,3,,,1.964912280702265
195100,RAINFOREST_RESIN,10002,4,,,1.9636363636363967
188400,RAINFOREST_RESIN,9998,1,,,1.962264150943156
157400,RAINFOREST_RESIN,10002,10,,,1.9607843137255259
142800,RAINFOREST_RESIN,9998,2,,,1.9574468085102126
134900,RAINFOREST_RESIN,9998,1,,,1.9574468085102126
1700,RAINFOREST_RESIN,10002,1,,,1.9555555555562023
0,KELP,2029,1,,,1.9523809523809632
0,KELP,2029,13,,,1.9523809523809632
120600,KELP,2014,1,,,1.9166666666667425
37300,KELP,2021,1,,,1.9166666666667425
94600,RAINFOREST_RESIN,9998,1,,,1.9130434782600787
13200,RAINFOREST_RESIN,9998,2,,,1.9130434782600787
16400,RAINFOREST_RESIN,10002,1,,,1.9104477611945185
109000,KELP,2017,1,,,1.9090909090909918
121800,RAINFOREST_RESIN,10002,1,,,1.907692307691832
73100,RAINFOREST_RESIN,10002,1,,,1.907692307691832
30000,RAINFOREST_RESIN,9998,1,,,1.907692307691832
67300,RAINFOREST_RESIN,9998,5,,,1.9047619047614717
132100,RAINFOREST_RESIN,9998,1,,,1.8823529411765776
42500,RAINFOREST_RESIN,10002,2,,,1.8823529411765776
90300,RAINFOREST_RESIN,9998,1,,,1.8775510204086459
49900,RAINFOREST_RESIN,9998,6,,,1.8775510204086459
180800,RAINFOREST_RESIN,10002,1,,,1.875
193300,RAINFOREST_RESIN,10002,1,,,1.8709677419356012
197700,RAINFOREST_RESIN,10002,2,,,1.866666666666788
65300,RAINFOREST_RESIN,10002,2,,,1.866666666666788
77000,RAINFOREST_RESIN,10002,2,,,1.8620689655181195
10300,RAINFOREST_RESIN,9998,1,,,1.8620689655181195
6700,RAINFOREST_RESIN,10002,3,,,1.8604651162786467
158300,RAINFOREST_RESIN,9998,7,,,1.850746268657531
141600,RAINFOREST_RESIN,10002,1,,,1.850746268657531
66000,RAINFOREST_RESIN,9998,1,,,1.846153846154266
118700,KELP,2017,10,,,1.8409090909090082
6900,RAINFOREST_RESIN,10002,1,,,1.8305084745770728
157400,KELP,2014,9,,,1.8292682926828547
19000,KELP,2024,10,,,1.826086956521749
33200,KELP,2023,1,,,1.823529411764639
25200,RAINFOREST_RESIN,9998,3,,,1.8181818181819835
190000,KELP,2020,9,,,1.8139534883721353
186300,KELP,2021,10,,,1.8125
27600,RAINFOREST_RESIN,9998,4,,,1.811320754717599
100200,RAINFOREST_RESIN,9998,1,,,1.8039215686276293
149800,RAINFOREST_RESIN,10002,0,,,1.7872340425528819
118100,RAINFOREST_RESIN,10002,1,,,1.785714285713766
11500,RAINFOREST_RESIN,10002,2,,,1.7627118644068105
100900,KELP,2018,8,,,1.7608695652174902
137700,RAINFOREST_RESIN,9998,2,,,1.75
35300,KELP,2023,8,,,1.75
94200,RAINFOREST_RESIN,10002,1,,,1.725490196078681
181700,KELP,2021,14,,,1.7234042553191102
180900,RAINFOREST_RESIN,9998,1,,,1.714285714286234
26000,KELP,2023,7,,,1.7058823529412166
4700,KELP,2023,7,,,1.7000000000000455
110400,KELP,2018,7,,,1.6981132075470668
125400,RAINFOREST_RESIN,9998,1,,,1.6923076923085318
55100,KELP,2022,2,,,1.6818181818182438
27700,KELP,2023,5,,,1.6744186046512368
51700,KELP,2020,4,,,1.6666666666667425
49500,KELP,2022,6,,,1.6666666666667425
18200,KELP,2024,4,,,1.6595744680851112
124500,KELP,2011,3,,,1.6511627906977537
123200,KELP,2012,4,,,1.6511627906977537
106000,KELP,2018,4,,,1.650000000000091
152200,KELP,2014,5,,,1.6470588235295054
131800,KELP,2014,11,,,1.6470588235295054
131800,KELP,2014,4,,,1.6470588235295054
149900,KELP,2013,5,,,1.6363636363637397
15600,KELP,2025,2,,,1.6315789473683253
47100,KELP,2019,4,,,1.625
79000,KELP,2013,3,,,1.6071428571428896
12400,KELP,2026,15,,,1.6071428571428896
60900,KELP,2015,3,,,1.6031746031746934
86200,KELP,2015,3,,,1.599999999999909
194000,KELP,2018,1,,,1.5964912280701355
43500,KELP,2020,1,,,1.5961538461538112
181600,KELP,2018,2,,,1.5909090909090082
41100,KELP,2018,2,,,1.5882352941175668
41100,KELP,2018,1,,,1.5882352941175668
61700,KELP,2014,1,,,1.5833333333332575
3000,KELP,2027,1,,,1.5818181818181074
73900,KELP,2015,5,,,1.5789473684210407
73900,KELP,2015,3,,,1.5789473684210407
117500,KELP,2018,2,,,1.5686274509803297
41000,KELP,2018,1,,,1.5681818181817562
127500,KELP,2014,1,,,1.5671641791045658
173300,KELP,2017,2,,,1.5576923076923777
199100,KELP,2020,1,,,1.5535714285713311
45400,KELP,2018,1,,,1.5531914893617795
35800,KELP,2023,2,,,1.5499999999999545
182100,KELP,2018,2,,,1.5483870967741495
78700,KELP,2013,2,,,1.5483870967741495
59300,KELP,2016,1,,,1.5454545454545041
3100,KELP,2023,2,,,1.543859649122851
132500,KELP,2013,14,,,1.5384615384614335
67500,KELP,2015,1,,,1.5365853658536253
14200,KELP,2023,1,,,1.5365853658536253
170200,KELP,2017,1,,,1.5348837209303383
109300,KELP,2020,11,,,1.5348837209303383
104300,KELP,2019,1,,,1.5348837209303383
197500,KELP,2020,1,,,1.533333333333303
189000,KELP,2020,1,,,1.533333333333303
150600,KELP,2013,1,,,1.533333333333303
82500,KELP,2015,1,,,1.533333333333303
146900,KELP,2013,1,,,1.5319148936171132
110100,KELP,2018,1,,,1.5319148936171132
89800,KELP,2014,1,,,1.5319148936171132
25800,KELP,2023,1,,,1.5319148936171132
108500,KELP,2017,1,,,1.530612244898066
88300,KELP,2014,1,,,1.530612244898066
68600,KELP,2015,1,,,1.530612244898066
157500,KELP,2014,1,,,1.5294117647058556
148700,KELP,2013,1,,,1.5294117647058556
29400,KELP,2024,1,,,1.5294117647058556
22700,KELP,2023,1,,,1.5294117647058556
140100,KELP,2013,1,,,1.5283018867924056
121100,KELP,2013,1,,,1.5283018867924056
20300,KELP,2024,1,,,1.5283018867924056
15200,KELP,2022,1,,,1.5283018867924056
5700,KELP,2024,1,,,1.5283018867924056
133700,KELP,2013,1,,,1.5272727272727025
87400,KELP,2015,1,,,1.5272727272727025
45800,KELP,2018,1,,,1.5272727272727025
142600,KELP,2013,1,,,1.526315789473756
119600,KELP,2017,1,,,1.526315789473756
99900,KELP,2018,1,,,1.526315789473756
71200,KELP,2015,1,,,1.526315789473756
194300,KELP,2018,1,,,1.525423728813621
169900,KELP,2017,1,,,1.525423728813621
133400,KELP,2013,1,,,1.525423728813621
194600,KELP,2018,1,,,1.5245901639343629
150400,KELP,2013,1,,,1.5245901639343629
129600,KELP,2014,1,,,1.5245901639343629
69100,KELP,2015,8,,,1.5245901639343629
42400,KELP,2019,1,,,1.5245901639343629
60800,KELP,2015,1,,,1.523809523809632
54100,KELP,2020,1,,,1.5199999999999818
58400,KELP,2016,15,,,1.5106382978724469
147800,KELP,2012,7,,,1.5084745762712828
184000,KELP,2019,13,,,1.5
180900,KELP,2021,11,,,1.5
167300,KELP,2016,11,,,1.5
163900,KELP,2015,2,,,1.5
152300,KELP,2017,9,,,1.5
148000,KELP,2015,9,,,1.5
138900,KELP,2013,10,,,1.5
137900,KELP,2016,1,,,1.5
126300,KELP,2013,2,,,1.5
125300,KELP,2012,1,,,1.5
123600,KELP,2010,4,,,1.5
123600,KELP,2010,1,,,1.5
114800,KELP,2021,5,,,1.5
114800,KELP,2021,15,,,1.5
106200,KELP,2021,13,,,1.5
106200,KELP,2021,9,,,1.5
98900,KELP,2021,15,,,1.5
94900,KELP,2023,6,,,1.5
94400,KELP,2023,1,,,1.5
91500,KELP,2015,15,,,1.5
91100,KELP,2015,1,,,1.5
88100,KELP,2017,8,,,1.5
85100,KELP,2015,13,,,1.5
85100,KELP,2018,14,,,1.5
79600,KELP,2013,13,,,1.5
78100,KELP,2013,1,,,1.5
77000,KELP,2016,2,,,1.5
69700,KELP,2015,2,,,1.5
68000,KELP,2015,6,,,1.5
67600,KELP,2018,12,,,1.5
67100,KELP,2018,9,,,1.5
61900,KELP,2017,2,,,1.5
51300,KELP,2020,12,,,1.5
49200,KELP,2022,11,,,1.5
42600,KELP,2019,2,,,1.5
38600,KELP,2019,1,,,1.5
33500,KELP,2026,1,,,1.5
31300,KELP,2023,13,,,1.5
30200,KELP,2027,10,,,1.5
30200,KELP,2027,9,,,1.5
22500,KELP,2026,11,,,1.5
21700,KELP,2027,8,,,1.5
11400,KELP,2022,2,,,1.5
3800,KELP,2023,14,,,1.5
3800,KELP,2023,1,,,1.5
198500,KELP,2024,2,,,1.4888888888888232
29300,KELP,2027,12,,,1.4848484848484986
111300,KELP,2019,1,,,1.4754098360656371
174400,KELP,2017,1,,,1.473684210526244
101200,KELP,2022,15,,,1.4705882352941444
101200,KELP,2022,5,,,1.4705882352941444
101200,KELP,2022,10,,,1.4705882352941444
138500,KELP,2016,9,,,1.4680851063828868
138500,KELP,2016,13,,,1.4680851063828868
122800,KELP,2014,10,,,1.453125
98400,KELP,2021,8,,,1.4477611940299084
42000,KELP,2021,10,,,1.4411764705882888
111700,KELP,2019,1,,,1.4347826086957411
77600,KELP,2012,3,,,1.4210526315789593
77600,KELP,2012,7,,,1.4210526315789593
75500,KELP,2014,2,,,1.40625
11300,KELP,2022,3,,,1.4042553191488878
171100,RAINFOREST_RESIN,10002,1,,,1.3999999999996362
84200,KELP,2016,1,,,1.3809523809522943
106300,KELP,2018,4,,,1.375
49000,KELP,2019,1,,,1.352112676056322
126400,KELP,2013,1,,,1.349999999999909
123200,KELP,2015,7,,,1.3488372093022463
26400,KELP,2023,1,,,1.3469387755101252
58000,KELP,2020,11,InferredBot,SUBMISSION,1.1666666666667425
153500,KELP,2016,1,InferredBot,SUBMISSION,1.1372549019608869
13300,KELP,2025,2,InferredBot,SUBMISSION,1.1111111111110858
13000,KELP,2025,1,ExplicitBook,SUBMISSION,1.1063829787233317
195100,KELP,2018,6,SUBMISSION,InferredBot,1.1034482758620925
130700,KELP,2016,1,ExplicitBook,SUBMISSION,1.0980392156861853
139400,KELP,2016,2,InferredBot,SUBMISSION,1.0909090909090082
187700,KELP,2023,15,InferredBot,SUBMISSION,1.0882352941175668
183100,KELP,2022,1,InferredBot,SUBMISSION,1.0869565217392392
199400,KELP,2023,1,InferredBot,SUBMISSION,1.0799999999999272
30600,KELP,2024,1,,,1.0697674418604493
120500,KELP,2017,8,InferredBot,SUBMISSION,1.0612244897959044
45900,KELP,2021,2,InferredBot,SUBMISSION,1.0606060606060055
66900,KELP,2017,1,ExplicitBook,SUBMISSION,1.0588235294117112
55500,KELP,2021,1,ExplicitBook,SUBMISSION,1.054545454545405
149800,KELP,2013,1,SUBMISSION,InferredBot,1.0465116279069662
178700,KELP,2018,1,,,1.0461538461538566
176100,KELP,2020,2,InferredBot,SUBMISSION,1.043478260869506
88900,KELP,2014,1,,,1.040816326530603
118300,KELP,2018,1,,,1.0377358490566166
148200,KELP,2013,1,,,1.0357142857142208
176000,KELP,2018,1,SUBMISSION,InferredBot,1.0338983050846764
114100,KELP,2020,1,ExplicitBook,SUBMISSION,1.0294117647058556
199600,KELP,2023,1,InferredBot,SUBMISSION,1.022727272727252
44500,KELP,2021,1,ExplicitBook,SUBMISSION,1.0222222222221262
54300,KELP,2020,1,SUBMISSION,InferredBot,1.019607843137237
66300,KELP,2018,1,ExplicitBook,SUBMISSION,1.0188679245281946
55200,KELP,2019,3,SUBMISSION,ExplicitBook,1.0181818181818016
89600,KELP,2017,12,InferredBot,SUBMISSION,1.0178571428571104
28200,KELP,2026,1,,,1.0175438596490949
28200,KELP,2026,2,InferredBot,SUBMISSION,1.0175438596490949
117700,KELP,2018,1,,,1.0166666666666515
117700,KELP,2018,4,SUBMISSION,InferredBot,1.0166666666666515
179000,KELP,2020,2,InferredBot,SUBMISSION,1.0161290322580498
173800,KELP,2020,7,InferredBot,SUBMISSION,1.0161290322580498
192400,KELP,2020,1,SUBMISSION,InferredBot,1
192200,KELP,2020,5,SUBMISSION,InferredBot,1
190700,KELP,2021,10,SUBMISSION,InferredBot,1
190300,KELP,2023,1,,,1
189500,KELP,2023,2,InferredBot,SUBMISSION,1
185200,KELP,2023,10,InferredBot,SUBMISSION,1
184600,KELP,2021,1,SUBMISSION,InferredBot,1
183200,KELP,2020,9,SUBMISSION,InferredBot,1
177900,KELP,2019,14,SUBMISSION,InferredBot,1
177700,KELP,2019,1,SUBMISSION,InferredBot,1
174000,KELP,2018,1,SUBMISSION,InferredBot,1
160500,KELP,2017,13,InferredBot,SUBMISSION,1
160000,KELP,2017,2,InferredBot,SUBMISSION,1
155700,KELP,2017,1,InferredBot,SUBMISSION,1
154900,KELP,2016,15,SUBMISSION,InferredBot,1
154700,KELP,2018,11,InferredBot,SUBMISSION,1
153600,KELP,2016,14,InferredBot,SUBMISSION,1
153300,KELP,2016,14,InferredBot,SUBMISSION,1
147200,KELP,2015,14,InferredBot,SUBMISSION,1
146500,KELP,2015,1,InferredBot,SUBMISSION,1
146300,KELP,2013,8,SUBMISSION,InferredBot,1
146000,KELP,2013,6,SUBMISSION,InferredBot,1
145400,KELP,2013,1,SUBMISSION,InferredBot,1
145000,KELP,2013,1,SUBMISSION,InferredBot,1
143600,KELP,2014,1,SUBMISSION,InferredBot,1
127400,KELP,2017,2,InferredBot,SUBMISSION,1
127000,KELP,2015,2,SUBMISSION,InferredBot,1
123500,KELP,2012,3,InferredBot,SUBMISSION,1
123000,KELP,2011,1,SUBMISSION,InferredBot,1
113800,KELP,2018,2,SUBMISSION,InferredBot,1
113800,KELP,2020,13,InferredBot,SUBMISSION,1
101500,KELP,2021,2,InferredBot,SUBMISSION,1
99800,KELP,2021,4,InferredBot,SUBMISSION,1
99400,KELP,2021,2,InferredBot,SUBMISSION,1
97700,KELP,2021,1,,,1
96900,KELP,2019,14,SUBMISSION,InferredBot,1
95000,KELP,2022,1,InferredBot,SUBMISSION,1
88000,KELP,2014,2,SUBMISSION,InferredBot,1
87900,KELP,2016,1,InferredBot,SUBMISSION,1
77200,KELP,2013,10,SUBMISSION,InferredBot,1
76200,KELP,2015,14,SUBMISSION,InferredBot,1
75900,KELP,2015,6,SUBMISSION,InferredBot,1
71700,KELP,2015,8,SUBMISSION,InferredBot,1
53900,KELP,2022,2,InferredBot,SUBMISSION,1
49900,KELP,2022,2,InferredBot,SUBMISSION,1
40900,KELP,2018,1,SUBMISSION,InferredBot,1
37500,KELP,2021,1,SUBMISSION,InferredBot,1
34200,KELP,2023,9,SUBMISSION,InferredBot,1
32600,KELP,2026,2,InferredBot,SUBMISSION,1
25300,KELP,2023,1,,,1
24900,KELP,2023,10,SUBMISSION,InferredBot,1
24500,KELP,2023,2,SUBMISSION,InferredBot,1
23900,KELP,2025,1,ExplicitBook,SUBMISSION,1
8100,KELP,2026,1,InferredBot,SUBMISSION,1
4800,KELP,2026,2,InferredBot,SUBMISSION,1
1700,KELP,2027,9,InferredBot,SUBMISSION,1
103400,KELP,2019,1,SUBMISSION,ExplicitBook,0.9857142857142662
131700,KELP,2014,9,SUBMISSION,InferredBot,0.9852941176470722
130900,KELP,2014,5,SUBMISSION,ExplicitBook,0.9850746268657531
191800,KELP,2022,1,ExplicitBook,SUBMISSION,0.9841269841269877
53200,KELP,2022,1,ExplicitBook,SUBMISSION,0.9841269841269877
91000,KELP,2017,1,ExplicitBook,SUBMISSION,0.9836065573770156
16600,KELP,2023,1,SUBMISSION,ExplicitBook,0.9836065573770156
140600,KELP,2013,3,SUBMISSION,ExplicitBook,0.9833333333333485
135400,KELP,2014,9,SUBMISSION,InferredBot,0.9833333333333485
34600,KELP,2023,1,SUBMISSION,ExplicitBook,0.9830508474576618
2400,KELP,2025,1,SUBMISSION,ExplicitBook,0.9830508474576618
149700,KELP,2015,5,InferredBot,SUBMISSION,0.9827586206897649
145600,KELP,2013,1,SUBMISSION,ExplicitBook,0.9827586206897649
173900,KELP,2020,1,ExplicitBook,SUBMISSION,0.9824561403509051
130400,KELP,2014,1,SUBMISSION,ExplicitBook,0.9824561403509051
121900,KELP,2015,1,ExplicitBook,SUBMISSION,0.9824561403509051
52300,KELP,2022,1,ExplicitBook,SUBMISSION,0.9824561403509051
89600,KELP,2015,2,SUBMISSION,InferredBot,0.9821428571428896
196500,KELP,2022,1,ExplicitBook,SUBMISSION,0.9818181818181984
182800,KELP,2019,1,SUBMISSION,ExplicitBook,0.9818181818181984
140400,KELP,2013,1,SUBMISSION,ExplicitBook,0.9818181818181984
118500,KELP,2018,1,SUBMISSION,ExplicitBook,0.9811320754718054
16700,KELP,2025,1,ExplicitBook,SUBMISSION,0.9811320754718054
163800,KELP,2017,13,InferredBot,SUBMISSION,0.9807692307692832
90900,KELP,2017,1,ExplicitBook,SUBMISSION,0.9803921568627629
83700,KELP,2017,1,SUBMISSION,ExplicitBook,0.9803921568627629
54300,KELP,2022,1,ExplicitBook,SUBMISSION,0.9803921568627629
123800,KELP,2013,1,ExplicitBook,SUBMISSION,0.9795918367346985
16200,KELP,2023,1,SUBMISSION,ExplicitBook,0.9795918367346985
96000,KELP,2017,2,SUBMISSION,InferredBot,0.9791666666667425
190900,KELP,2023,1,InferredBot,SUBMISSION,0.9787234042553337
190900,KELP,2023,1,ExplicitBook,SUBMISSION,0.9787234042553337
173200,KELP,2018,1,SUBMISSION,ExplicitBook,0.9787234042553337
160400,KELP,2017,1,,,0.9787234042553337
160400,KELP,2017,1,ExplicitBook,SUBMISSION,0.9787234042553337
20900,KELP,2026,1,ExplicitBook,SUBMISSION,0.9787234042553337
184100,KELP,2022,1,ExplicitBook,SUBMISSION,0.9777777777778738
167800,KELP,2019,1,ExplicitBook,SUBMISSION,0.9777777777778738
15800,KELP,2025,1,ExplicitBook,SUBMISSION,0.9777777777778738
192500,KELP,2022,1,ExplicitBook,SUBMISSION,0.9767441860465169
183700,KELP,2022,8,InferredBot,SUBMISSION,0.9677419354839003
88800,KELP,2014,2,SUBMISSION,ExplicitBook,0.9677419354839003
105700,KELP,2020,1,ExplicitBook,SUBMISSION,0.9661016949153236
107000,KELP,2019,2,SUBMISSION,ExplicitBook,0.9629629629630472
88600,KELP,2014,2,SUBMISSION,ExplicitBook,0.9622641509433834
81100,KELP,2015,1,ExplicitBook,SUBMISSION,0.9622641509433834
145200,KELP,2015,1,ExplicitBook,SUBMISSION,0.9607843137255259
50600,KELP,2020,2,,,0.9600000000000364
50600,KELP,2020,1,SUBMISSION,InferredBot,0.9600000000000364
50600,KELP,2020,6,SUBMISSION,ExplicitBook,0.9600000000000364
28300,KELP,2024,2,SUBMISSION,ExplicitBook,0.9600000000000364
166000,KELP,2019,1,ExplicitBook,SUBMISSION,0.959183673469397
164600,KELP,2017,12,SUBMISSION,InferredBot,0.9583333333332575
156200,KELP,2015,7,SUBMISSION,InferredBot,0.9583333333332575
11700,KELP,2023,2,SUBMISSION,ExplicitBook,0.9583333333332575
16100,KELP,2023,2,SUBMISSION,ExplicitBook,0.9545454545454959
122900,KELP,2013,1,ExplicitBook,SUBMISSION,0.9538461538461434
149800,KELP,2015,0,,,0.9534883720930338
149800,KELP,2015,1,ExplicitBook,SUBMISSION,0.9534883720930338
0,KELP,2028,14,InferredBot,SUBMISSION,0.9523809523809632
0,KELP,2028,1,ExplicitBook,SUBMISSION,0.9523809523809632
171000,KELP,2019,3,SUBMISSION,ExplicitBook,0.9473684210527153
124100,KELP,2012,3,SUBMISSION,ExplicitBook,0.9473684210527153
156900,KELP,2015,5,SUBMISSION,ExplicitBook,0.9444444444443434
189300,KELP,2022,1,ExplicitBook,SUBMISSION,0.9433962264151887
122300,KELP,2013,2,SUBMISSION,InferredBot,0.9387755102040956
120500,KELP,2015,10,SUBMISSION,InferredBot,0.9387755102040956
120500,KELP,2015,3,SUBMISSION,ExplicitBook,0.9387755102040956
187400,KELP,2023,1,ExplicitBook,SUBMISSION,0.936170212766001
186100,KELP,2022,1,,,0.933333333333394
186100,KELP,2022,4,SUBMISSION,ExplicitBook,0.933333333333394
130100,KELP,2016,1,ExplicitBook,SUBMISSION,0.933333333333394
137700,KELP,2014,3,SUBMISSION,ExplicitBook,0.9322033898304198
24100,KELP,2025,1,,,0.9272727272727934
34500,KELP,2023,5,SUBMISSION,ExplicitBook,0.9242424242424931
164900,KELP,2017,5,SUBMISSION,ExplicitBook,0.9206349206349387
139700,KELP,2014,5,SUBMISSION,ExplicitBook,0.9206349206349387
48300,KELP,2019,5,SUBMISSION,ExplicitBook,0.9206349206349387
199400,KELP,2021,4,SUBMISSION,ExplicitBook,0.9200000000000728
97200,KELP,2019,3,SUBMISSION,InferredBot,0.9183673469387941
97200,KELP,2019,3,SUBMISSION,ExplicitBook,0.9183673469387941
167000,KELP,2017,5,SUBMISSION,ExplicitBook,0.9180327868853055
80900,KELP,2013,1,,,0.9130434782607608
187700,KELP,2021,1,,,0.9117647058824332
49800,KELP,2020,5,SUBMISSION,ExplicitBook,0.9090909090909918
162400,KELP,2016,4,SUBMISSION,InferredBot,0.9056603773585721
162400,KELP,2016,5,SUBMISSION,ExplicitBook,0.9056603773585721
83100,KELP,2016,3,,,0.9032258064517009
56000,KELP,2019,3,SUBMISSION,ExplicitBook,0.9019607843138147
106400,KELP,2019,6,SUBMISSION,ExplicitBook,0.900000000000091
120400,KELP,2015,2,,,0.8928571428571104
107400,KELP,2019,1,,,0.8928571428571104
159900,KELP,2015,5,SUBMISSION,ExplicitBook,0.8909090909091901
76900,KELP,2014,3,,,0.8888888888889142
76900,KELP,2014,6,SUBMISSION,ExplicitBook,0.8888888888889142
113700,KELP,2018,6,,,0.875
113700,KELP,2018,6,SUBMISSION,InferredBot,0.875
161000,KELP,2015,8,SUBMISSION,ExplicitBook,0.8709677419353739
42300,KELP,2019,7,SUBMISSION,ExplicitBook,0.8571428571428896
145100,KELP,2013,10,SUBMISSION,ExplicitBook,0.8387096774192742
33200,KELP,2024,10,SUBMISSION,ExplicitBook,0.823529411764639
4300,KELP,2025,1,,,0.7321428571428896
181700,KELP,2020,14,InferredBot,SUBMISSION,0.7234042553191102
189800,KELP,2022,2,InferredBot,SUBMISSION,0.7142857142857792
10300,KELP,2024,1,ExplicitBook,SUBMISSION,0.6825396825397547
55100,KELP,2021,2,InferredBot,SUBMISSION,0.6818181818182438
72500,KELP,2016,1,InferredBot,SUBMISSION,0.6721311475409948
59100,KELP,2018,1,InferredBot,SUBMISSION,0.6721311475409948
111500,KELP,2021,1,ExplicitBook,SUBMISSION,0.6666666666667425
49500,KELP,2021,6,InferredBot,SUBMISSION,0.6666666666667425
85600,KELP,2017,4,ExplicitBook,SUBMISSION,0.6545454545455414
131800,KELP,2015,12,SUBMISSION,InferredBot,0.6470588235295054
178800,KELP,2020,5,InferredBot,SUBMISSION,0.6323529411765776
15600,KELP,2024,2,InferredBot,SUBMISSION,0.6315789473683253
151100,KELP,2015,1,ExplicitBook,SUBMISSION,0.625
12400,KELP,2025,15,InferredBot,SUBMISSION,0.6071428571428896
80800,KELP,2015,1,ExplicitBook,SUBMISSION,0.6060606060605096
84000,KELP,2018,1,ExplicitBook,SUBMISSION,0.599999999999909
93600,KELP,2022,1,InferredBot,SUBMISSION,0.5967741935482991
7300,KELP,2026,2,InferredBot,SUBMISSION,0.5909090909090082
57500,KELP,2019,5,ExplicitBook,SUBMISSION,0.5833333333332575
3000,KELP,2026,1,InferredBot,SUBMISSION,0.5818181818181074
149200,KELP,2015,2,ExplicitBook,SUBMISSION,0.5660377358490223
128400,KELP,2014,1,SUBMISSION,InferredBot,0.5535714285713311
128400,KELP,2014,2,SUBMISSION,ExplicitBook,0.5535714285713311
51600,KELP,2022,2,InferredBot,SUBMISSION,0.5471698113208276
35400,KELP,2025,1,ExplicitBook,SUBMISSION,0.5471698113208276
3100,KELP,2024,2,SUBMISSION,InferredBot,0.5438596491228509
176900,KELP,2019,5,SUBMISSION,InferredBot,0.5434782608695059
97100,KELP,2019,1,SUBMISSION,InferredBot,0.5409836065573472
132500,KELP,2014,15,SUBMISSION,InferredBot,0.5384615384614335
109300,KELP,2019,11,InferredBot,SUBMISSION,0.5348837209303383
98300,KELP,2020,2,ExplicitBook,SUBMISSION,0.5322580645160997
156600,KELP,2016,2,SUBMISSION,InferredBot,0.5319148936171132
181500,KELP,2019,2,SUBMISSION,InferredBot,0.5306122448980659
3200,KELP,2024,2,SUBMISSION,InferredBot,0.5306122448980659
187000,KELP,2022,3,SUBMISSION,ExplicitBook,0.5277777777778283
128900,KELP,2015,1,ExplicitBook,SUBMISSION,0.5272727272727025
116200,KELP,2019,1,SUBMISSION,InferredBot,0.526315789473756
54100,KELP,2021,1,SUBMISSION,InferredBot,0.5199999999999818
130200,KELP,2014,3,SUBMISSION,ExplicitBook,0.5161290322580498
149500,KELP,2015,1,ExplicitBook,SUBMISSION,0.515625
185400,KELP,2021,1,SUBMISSION,InferredBot,0.5106382978724469
58400,KELP,2017,15,SUBMISSION,InferredBot,0.5106382978724469
111000,KELP,2020,4,SUBMISSION,InferredBot,0.5102040816327644
136500,KELP,2015,2,InferredBot,SUBMISSION,0.509433962264211
147800,KELP,2013,7,SUBMISSION,InferredBot,0.5084745762712828
41400,KELP,2018,4,SUBMISSION,ExplicitBook,0.5084745762712828
18500,KELP,2026,1,,,0.5084745762712828
138600,KELP,2014,2,SUBMISSION,ExplicitBook,0.5079365079366198
77100,KELP,2015,2,ExplicitBook,SUBMISSION,0.5076923076921958
199000,KELP,2021,2,SUBMISSION,InferredBot,0.5
197700,KELP,2023,2,InferredBot,SUBMISSION,0.5
194400,KELP,2020,2,InferredBot,SUBMISSION,0.5
193600,KELP,2020,14,InferredBot,SUBMISSION,0.5
192000,KELP,2021,1,InferredBot,SUBMISSION,0.5
184000,KELP,2020,13,SUBMISSION,InferredBot,0.5
181400,KELP,2020,2,InferredBot,SUBMISSION,0.5
180900,KELP,2020,11,InferredBot,SUBMISSION,0.5
180000,KELP,2019,11,InferredBot,SUBMISSION,0.5
175800,KELP,2019,1,InferredBot,SUBMISSION,0.5
173400,KELP,2018,2,SUBMISSION,InferredBot,0.5
171900,KELP,2018,1,SUBMISSION,InferredBot,0.5
167300,KELP,2017,11,SUBMISSION,InferredBot,0.5
163900,KELP,2016,2,SUBMISSION,InferredBot,0.5
154300,KELP,2016,8,SUBMISSION,InferredBot,0.5
152300,KELP,2016,11,InferredBot,SUBMISSION,0.5
148000,KELP,2014,9,InferredBot,SUBMISSION,0.5
138900,KELP,2014,10,SUBMISSION,InferredBot,0.5
137900,KELP,2015,1,InferredBot,SUBMISSION,0.5
137600,KELP,2015,1,,,0.5
135900,KELP,2016,2,InferredBot,SUBMISSION,0.5
133000,KELP,2014,13,SUBMISSION,InferredBot,0.5
132400,KELP,2015,1,InferredBot,SUBMISSION,0.5
126300,KELP,2014,2,SUBMISSION,InferredBot,0.5
123600,KELP,2011,7,SUBMISSION,InferredBot,0.5
114800,KELP,2020,15,InferredBot,SUBMISSION,0.5
111100,KELP,2021,15,InferredBot,SUBMISSION,0.5
106200,KELP,2020,13,InferredBot,SUBMISSION,0.5
98900,KELP,2020,15,InferredBot,SUBMISSION,0.5
94900,KELP,2022,6,InferredBot,SUBMISSION,0.5
94400,KELP,2022,1,InferredBot,SUBMISSION,0.5
92300,KELP,2017,12,InferredBot,SUBMISSION,0.5
92200,KELP,2016,9,SUBMISSION,InferredBot,0.5
91500,KELP,2016,15,SUBMISSION,InferredBot,0.5
91200,KELP,2016,1,SUBMISSION,InferredBot,0.5
91100,KELP,2016,1,SUBMISSION,InferredBot,0.5
89900,KELP,2015,2,SUBMISSION,InferredBot,0.5
88100,KELP,2016,8,InferredBot,SUBMISSION,0.5
85100,KELP,2016,2,SUBMISSION,InferredBot,0.5
85100,KELP,2017,14,InferredBot,SUBMISSION,0.5
82800,KELP,2017,1,InferredBot,SUBMISSION,0.5
78100,KELP,2014,3,SUBMISSION,ExplicitBook,0.5
77000,KELP,2015,2,InferredBot,SUBMISSION,0.5
72900,KELP,2016,1,InferredBot,SUBMISSION,0.5
70500,KELP,2016,3,SUBMISSION,ExplicitBook,0.5
69700,KELP,2016,2,SUBMISSION,InferredBot,0.5
68000,KELP,2016,6,SUBMISSION,InferredBot,0.5
67600,KELP,2017,12,InferredBot,SUBMISSION,0.5
67100,KELP,2017,9,InferredBot,SUBMISSION,0.5
64000,KELP,2017,1,SUBMISSION,InferredBot,0.5
61900,KELP,2016,2,InferredBot,SUBMISSION,0.5
60000,KELP,2017,1,InferredBot,SUBMISSION,0.5
51300,KELP,2021,13,SUBMISSION,InferredBot,0.5
49200,KELP,2021,11,InferredBot,SUBMISSION,0.5
42900,KELP,2021,2,InferredBot,SUBMISSION,0.5
42600,KELP,2020,2,SUBMISSION,InferredBot,0.5
42500,KELP,2020,1,SUBMISSION,InferredBot,0.5
38600,KELP,2020,1,SUBMISSION,InferredBot,0.5
33500,KELP,2025,1,InferredBot,SUBMISSION,0.5
31300,KELP,2024,13,SUBMISSION,InferredBot,0.5
22500,KELP,2025,11,InferredBot,SUBMISSION,0.5
21700,KELP,2026,8,InferredBot,SUBMISSION,0.5
19300,KELP,2025,1,SUBMISSION,InferredBot,0.5
11400,KELP,2023,2,SUBMISSION,InferredBot,0.5
10600,KELP,2023,4,SUBMISSION,ExplicitBook,0.5
3800,KELP,2024,15,SUBMISSION,InferredBot,0.5
46900,KELP,2021,1,,,0.49230769230780425
46900,KELP,2021,1,ExplicitBook,SUBMISSION,0.49230769230780425
165700,KELP,2018,1,ExplicitBook,SUBMISSION,0.4920634920633802
158400,KELP,2016,1,ExplicitBook,SUBMISSION,0.4920634920633802
68200,KELP,2017,1,ExplicitBook,SUBMISSION,0.4920634920633802
29200,KELP,2026,1,ExplicitBook,SUBMISSION,0.4920634920633802
27300,KELP,2025,1,ExplicitBook,SUBMISSION,0.4920634920633802
193800,KELP,2020,1,ExplicitBook,SUBMISSION,0.4918032786886215
165100,KELP,2018,1,ExplicitBook,SUBMISSION,0.4918032786886215
133500,KELP,2015,1,,,0.4918032786886215
131600,KELP,2015,1,ExplicitBook,SUBMISSION,0.4918032786886215
105600,KELP,2020,1,ExplicitBook,SUBMISSION,0.4918032786886215
51500,KELP,2022,1,ExplicitBook,SUBMISSION,0.4918032786886215
33000,KELP,2025,1,ExplicitBook,SUBMISSION,0.4918032786886215
26800,KELP,2025,1,ExplicitBook,SUBMISSION,0.4918032786886215
147800,KELP,2014,1,ExplicitBook,SUBMISSION,0.4915254237287172
122600,KELP,2013,1,ExplicitBook,SUBMISSION,0.4915254237287172
93300,KELP,2019,1,ExplicitBook,SUBMISSION,0.4915254237287172
68300,KELP,2017,1,ExplicitBook,SUBMISSION,0.4915254237287172
27900,KELP,2025,1,ExplicitBook,SUBMISSION,0.4915254237287172
18500,KELP,2025,1,SUBMISSION,ExplicitBook,0.4915254237287172
17700,KELP,2025,1,ExplicitBook,SUBMISSION,0.4915254237287172
182200,KELP,2020,1,ExplicitBook,SUBMISSION,0.49122807017533887
68900,KELP,2017,1,,,0.49122807017533887
68900,KELP,2017,1,ExplicitBook,SUBMISSION,0.49122807017533887
52500,KELP,2022,1,ExplicitBook,SUBMISSION,0.49122807017533887
105300,KELP,2020,1,ExplicitBook,SUBMISSION,0.4909090909090992
99300,KELP,2020,1,ExplicitBook,SUBMISSION,0.4909090909090992
75000,KELP,2016,1,ExplicitBook,SUBMISSION,0.4909090909090992
57200,KELP,2019,1,,,0.4909090909090992
57200,KELP,2019,1,ExplicitBook,SUBMISSION,0.4909090909090992
31600,KELP,2025,1,ExplicitBook,SUBMISSION,0.4909090909090992
179700,KELP,2019,1,ExplicitBook,SUBMISSION,0.490566037735789
165200,KELP,2017,6,SUBMISSION,ExplicitBook,0.490566037735789
136500,KELP,2014,1,,,0.490566037735789
136500,KELP,2014,1,SUBMISSION,ExplicitBook,0.490566037735789
108400,KELP,2019,1,ExplicitBook,SUBMISSION,0.490566037735789
78900,KELP,2015,1,,,0.490566037735789
78900,KELP,2015,1,ExplicitBook,SUBMISSION,0.490566037735789
194100,KELP,2020,1,ExplicitBook,SUBMISSION,0.49019607843138147
165000,KELP,2018,1,ExplicitBook,SUBMISSION,0.49019607843138147
157700,KELP,2016,1,ExplicitBook,SUBMISSION,0.49019607843138147
115700,KELP,2020,1,,,0.49019607843138147
115700,KELP,2020,1,ExplicitBook,SUBMISSION,0.49019607843138147
92600,KELP,2017,1,ExplicitBook,SUBMISSION,0.49019607843138147
84600,KELP,2017,1,ExplicitBook,SUBMISSION,0.49019607843138147
111000,KELP,2021,1,ExplicitBook,SUBMISSION,0.48979591836723557
98800,KELP,2020,1,ExplicitBook,SUBMISSION,0.48979591836723557
50800,KELP,2022,1,ExplicitBook,SUBMISSION,0.48979591836723557
49600,KELP,2021,1,,,0.48979591836723557
49600,KELP,2021,1,ExplicitBook,SUBMISSION,0.48979591836723557
198500,KELP,2023,2,InferredBot,SUBMISSION,0.4888888888888232
198500,KELP,2023,1,ExplicitBook,SUBMISSION,0.4888888888888232
196000,KELP,2021,1,ExplicitBook,SUBMISSION,0.4888888888888232
174800,KELP,2019,1,ExplicitBook,SUBMISSION,0.4888888888888232
169200,KELP,2019,1,ExplicitBook,SUBMISSION,0.4888888888888232
144000,KELP,2016,1,ExplicitBook,SUBMISSION,0.4888888888888232
128000,KELP,2016,1,ExplicitBook,SUBMISSION,0.4888888888888232
81200,KELP,2015,1,ExplicitBook,SUBMISSION,0.4888888888888232
38800,KELP,2020,2,SUBMISSION,ExplicitBook,0.4888888888888232
24400,KELP,2025,1,ExplicitBook,SUBMISSION,0.4888888888888232
124600,KELP,2013,1,ExplicitBook,SUBMISSION,0.48837209302314477
69300,KELP,2017,1,ExplicitBook,SUBMISSION,0.48837209302314477
63600,KELP,2018,1,ExplicitBook,SUBMISSION,0.48837209302314477
5300,KELP,2025,1,,,0.48837209302314477
5300,KELP,2025,1,ExplicitBook,SUBMISSION,0.48837209302314477
124000,KELP,2013,2,InferredBot,SUBMISSION,0.4878048780487916
124000,KELP,2013,1,ExplicitBook,SUBMISSION,0.4878048780487916
62000,KELP,2016,1,ExplicitBook,SUBMISSION,0.4878048780487916
35000,KELP,2025,1,ExplicitBook,SUBMISSION,0.4878048780487916
29300,KELP,2026,1,InferredBot,SUBMISSION,0.48484848484849863
119100,KELP,2019,2,,,0.4814814814815236
119100,KELP,2019,2,ExplicitBook,SUBMISSION,0.4814814814815236
13900,KELP,2024,6,SUBMISSION,ExplicitBook,0.4814814814815236
36500,KELP,2023,2,SUBMISSION,ExplicitBook,0.48076923076928324
180500,KELP,2020,6,,,0.47916666666674246
180500,KELP,2020,2,ExplicitBook,SUBMISSION,0.47916666666674246
61200,KELP,2016,2,SUBMISSION,ExplicitBook,0.47826086956524705
85800,KELP,2016,6,SUBMISSION,ExplicitBook,0.47761194029840226
86900,KELP,2017,2,ExplicitBook,SUBMISSION,0.47727272727274794
69200,KELP,2017,3,ExplicitBook,SUBMISSION,0.4761904761903679
156300,KELP,2015,3,SUBMISSION,ExplicitBook,0.47540983606563714
69100,KELP,2017,1,,,0.47540983606563714
169000,KELP,2019,3,,,0.474576271186379
169000,KELP,2019,2,InferredBot,SUBMISSION,0.474576271186379
65400,KELP,2016,3,SUBMISSION,ExplicitBook,0.474576271186379
27800,KELP,2025,1,,,0.474576271186379
45500,KELP,2019,3,SUBMISSION,ExplicitBook,0.47169811320759436
15900,KELP,2024,6,SUBMISSION,ExplicitBook,0.47142857142853245
166200,KELP,2017,3,SUBMISSION,ExplicitBook,0.4705882352941444
157600,KELP,2015,3,SUBMISSION,ExplicitBook,0.4705882352941444
148700,KELP,2015,2,InferredBot,SUBMISSION,0.4705882352941444
101200,KELP,2021,17,InferredBot,SUBMISSION,0.4705882352941444
129700,KELP,2015,3,SUBMISSION,ExplicitBook,0.4693877551019341
116000,KELP,2020,4,InferredBot,SUBMISSION,0.4693877551019341
79200,KELP,2014,5,SUBMISSION,ExplicitBook,0.4693877551019341
138500,KELP,2015,13,InferredBot,SUBMISSION,0.4680851063828868
63000,KELP,2018,1,,,0.4677419354839003
54700,KELP,2020,4,SUBMISSION,ExplicitBook,0.4677419354839003
7000,KELP,2026,2,InferredBot,SUBMISSION,0.4655172413793025
7000,KELP,2026,4,ExplicitBook,SUBMISSION,0.4655172413793025
48100,KELP,2020,2,SUBMISSION,InferredBot,0.4651162790696617
49400,KELP,2021,9,ExplicitBook,SUBMISSION,0.4629629629630472
9900,KELP,2025,4,ExplicitBook,SUBMISSION,0.4629629629630472
158800,KELP,2016,4,ExplicitBook,SUBMISSION,0.4615384615385665
1900,KELP,2026,1,,,0.46031746031735565
157300,KELP,2015,4,SUBMISSION,ExplicitBook,0.45833333333325754
21500,KELP,2026,4,ExplicitBook,SUBMISSION,0.4565217391304941
122800,KELP,2013,6,,,0.453125
122800,KELP,2013,4,InferredBot,SUBMISSION,0.453125
57900,KELP,2018,6,SUBMISSION,ExplicitBook,0.4500000000000455
60700,KELP,2017,1,,,0.4489795918366326
102200,KELP,2021,1,,,0.44776119402990844
98400,KELP,2020,3,InferredBot,SUBMISSION,0.44776119402990844
105800,KELP,2020,7,ExplicitBook,SUBMISSION,0.4444444444443434
38400,KELP,2020,6,SUBMISSION,ExplicitBook,0.4444444444443434
20400,KELP,2025,4,SUBMISSION,ExplicitBook,0.4444444444443434
187300,KELP,2023,1,,,0.4426229508196684
42000,KELP,2020,5,,,0.4411764705882888
42000,KELP,2020,5,InferredBot,SUBMISSION,0.4411764705882888
25400,KELP,2025,8,ExplicitBook,SUBMISSION,0.4411764705882888
72000,KELP,2017,1,,,0.4375
55700,KELP,2020,1,SUBMISSION,InferredBot,0.4375
11000,KELP,2024,7,ExplicitBook,SUBMISSION,0.43636363636369424
125900,KELP,2014,6,SUBMISSION,ExplicitBook,0.43283582089543415
15000,KELP,2024,2,,,0.431034482758605
15000,KELP,2024,8,ExplicitBook,SUBMISSION,0.431034482758605
170400,KELP,2020,10,ExplicitBook,SUBMISSION,0.4305555555556566
131400,KELP,2015,7,ExplicitBook,SUBMISSION,0.4285714285713311
135100,KELP,2015,8,ExplicitBook,SUBMISSION,0.4230769230769056
77600,KELP,2013,10,SUBMISSION,InferredBot,0.42105263157895934
82600,KELP,2016,3,SUBMISSION,ExplicitBook,0.41025641025635196
75500,KELP,2015,2,SUBMISSION,InferredBot,0.40625
172600,KELP,2018,2,SUBMISSION,InferredBot,0.4032258064517009
151600,KELP,2016,0,,,0.38461538461547207
151600,KELP,2016,12,ExplicitBook,SUBMISSION,0.38461538461547207
106300,KELP,2019,8,SUBMISSION,InferredBot,0.375
106300,KELP,2019,4,SUBMISSION,ExplicitBook,0.375
70600,KELP,2016,2,SUBMISSION,InferredBot,0.354838709677324
126400,KELP,2014,2,SUBMISSION,InferredBot,0.34999999999990905
89100,KELP,2015,1,SUBMISSION,InferredBot,0.34999999999990905
123200,KELP,2014,6,InferredBot,SUBMISSION,0.34883720930224626
72600,KELP,2015,4,SUBMISSION,ExplicitBook,0.3382352941175668
117900,KELP,2018,4,SUBMISSION,ExplicitBook,0.31034482758627746
198900,KELP,2021,5,SUBMISSION,ExplicitBook,0.2835820895522829
134000,KELP,2014,2,SUBMISSION,ExplicitBook,0.27586206896557997
4300,KELP,2024,2,SUBMISSION,InferredBot,0.2678571428571104
4300,KELP,2024,5,SUBMISSION,ExplicitBook,0.2678571428571104
119800,RAINFOREST_RESIN,10000,1,,,0.25
35300,KELP,2025,1,,,0.25
110700,KELP,2020,3,,,0.03636363636360329
91700,KELP,2017,4,,,0.030769230769237765
91700,KELP,2017,1,,,0.030769230769237765
93100,KELP,2018,3,,,0.021276595744666338
89600,KELP,2016,6,,,0.017857142857110375
28200,KELP,2025,5,,,0.017543859649094884
189200,KELP,2021,3,,,0
104000,KELP,2020,1,,,0
63400,KELP,2018,5,,,0
41500,KELP,2019,5,,,0
24600,KELP,2024,5,,,0
1700,KELP,2026,8,,,0
